@article{Clift2013,
  doi = {10.1038/nrm3643},
  url = {https://doi.org/10.1038/nrm3643},
  year = {2013},
  month = aug,
  publisher = {Springer Science and Business Media {LLC}},
  volume = {14},
  number = {9},
  pages = {549--562},
  author = {Dean Clift and Melina Schuh},
  title = {Restarting life: fertilization and the transition from meiosis to mitosis},
  journal = {Nature Reviews Molecular Cell Biology}
}
